@misc{,
file = {:Users/ikuta/Downloads/9781601982247.pdf:pdf},
title = {{Supporting the Search Process (Ch 7) | Search User Interfaces | Marti Hearst | Cambridge University Press 2009}},
url = {http://searchuserinterfaces.com/book/sui{\_}ch7{\_}search{\_}process{\_}tools.html},
urldate = {2018-06-27}
}
@misc{,
title = {{Knowledge – Inside Search – Google}},
url = {https://www.google.com/intl/es419/insidesearch/features/search/knowledge.html},
urldate = {2018-06-27}
}
@misc{,
title = {{Presentation of Search Results (Ch 5) | Search User Interfaces | Marti Hearst | Cambridge University Press 2009}},
url = {http://searchuserinterfaces.com/book/sui{\_}ch5{\_}retrieval{\_}results.html},
urldate = {2018-06-27}
}
@inproceedings{Larsen2006,
address = {New York, New York, USA},
author = {Larsen, Birger and Ingwersen, Peter and Kek{\"{a}}l{\"{a}}inen, Jaana},
booktitle = {Proceedings of the 1st international conference on Information interaction in context  - IIiX},
doi = {10.1145/1164820.1164840},
file = {:Users/ikuta/Library/Application Support/Mendeley Desktop/Downloaded/Larsen, Ingwersen, Kek{\"{a}}l{\"{a}}inen - 2006 - The polyrepresentation continuum in IR.pdf:pdf},
isbn = {1595934820},
keywords = {document structure in contextual IIR,research design},
pages = {88},
publisher = {ACM Press},
title = {{The polyrepresentation continuum in IR}},
url = {http://portal.acm.org/citation.cfm?doid=1164820.1164840},
year = {2006}
}
@article{Hearst2006,
author = {Hearst, Marti A. and A., Marti},
doi = {10.1145/1121949.1121983},
file = {:Users/ikuta/Library/Application Support/Mendeley Desktop/Downloaded/Hearst, A. - 2006 - Clustering versus faceted categories for information exploration.pdf:pdf},
issn = {00010782},
journal = {Communications of the ACM},
month = {apr},
number = {4},
pages = {59},
publisher = {ACM},
title = {{Clustering versus faceted categories for information exploration}},
url = {http://portal.acm.org/citation.cfm?doid=1121949.1121983},
volume = {49},
year = {2006}
}
@misc{,
title = {{Query Reformulation (Ch 6) | Search User Interfaces | Marti Hearst | Cambridge University Press 2009}},
url = {http://searchuserinterfaces.com/book/sui{\_}ch6{\_}reformulation.html},
urldate = {2018-06-27}
}
@misc{,
title = {{Query Specification (Ch 4) | Search User Interfaces | Marti Hearst | Cambridge University Press 2009}},
url = {http://searchuserinterfaces.com/book/sui{\_}ch4{\_}query{\_}specification.html},
urldate = {2018-06-27}
}
@inproceedings{Navalpakkam2013,
address = {New York, New York, USA},
author = {Navalpakkam, Vidhya and Jentzsch, LaDawn and Sayres, Rory and Ravi, Sujith and Ahmed, Amr and Smola, Alex},
booktitle = {Proceedings of the 22nd international conference on World Wide Web - WWW '13},
doi = {10.1145/2488388.2488471},
file = {:Users/ikuta/Library/Application Support/Mendeley Desktop/Downloaded/Navalpakkam et al. - 2013 - Measurement and modeling of eye-mouse behavior in the presence of nonlinear page layouts.pdf:pdf},
isbn = {9781450320351},
keywords = {attention,eye,measurement,mouse,prediction,web search},
pages = {953--964},
publisher = {ACM Press},
title = {{Measurement and modeling of eye-mouse behavior in the presence of nonlinear page layouts}},
url = {http://dl.acm.org/citation.cfm?doid=2488388.2488471},
year = {2013}
}
@misc{,
title = {{Models of the Information Seeking Process (Ch 3) | Search User Interfaces | Marti Hearst | Cambridge University Press 2009}},
url = {http://searchuserinterfaces.com/book/sui{\_}ch3{\_}models{\_}of{\_}information{\_}seeking.html},
urldate = {2018-06-27}
}
@article{Belkin2000,
author = {Belkin, Nicolas J.},
doi = {10.1145/345124.345143},
issn = {00010782},
journal = {Communications of the ACM},
month = {aug},
number = {8},
pages = {58--61},
title = {{Helping people find what they don't know}},
url = {http://portal.acm.org/citation.cfm?doid=345124.345143},
volume = {43},
year = {2000}
}
@inproceedings{Granka2004,
address = {New York, New York, USA},
author = {Granka, Laura A. and Joachims, Thorsten and Gay, Geri},
booktitle = {Proceedings of the 27th annual international conference on Research and development in information retrieval  - SIGIR '04},
doi = {10.1145/1008992.1009079},
file = {:Users/ikuta/Library/Application Support/Mendeley Desktop/Downloaded/Granka, Joachims, Gay - 2004 - Eye-tracking analysis of user behavior in WWW search.pdf:pdf},
isbn = {1581138814},
keywords = {WWW search,eye-tracking,implicit feedback},
pages = {478},
publisher = {ACM Press},
title = {{Eye-tracking analysis of user behavior in WWW search}},
url = {http://portal.acm.org/citation.cfm?doid=1008992.1009079},
year = {2004}
}
@article{Broder,
abstract = {Classic IR (information retrieval) is inherently predicated on users searching for information, the so-called "information need". But the need behind a web search is often not informational --it might be navigational (give me the url of the site I want to reach) or transactional (show me sites where I can perform a certain transaction, e.g. shop, download a file, or find a map). We explore this taxonomy of web searches and discuss how global search engines evolved to deal with web-specific needs.},
author = {Broder, Andrei},
file = {:Users/ikuta/Library/Application Support/Mendeley Desktop/Downloaded/Broder - Unknown - A taxonomy of web search.pdf:pdf},
title = {{A taxonomy of web search}},
url = {http://sigir.org/files/forum/F2002/broder.pdf}
}
@article{Jansen2000,
abstract = {We analyzed transaction logs containing 51,473 queries posed by 18,113 users of Excite, a major Internet search service. We provide data on: (i) sessions — changes in queries during a session, number of pages viewed, and use of relevance feedback; (ii) queries — the number of search terms, and the use of logic and modifiers; and (iii) terms — their rank/frequency distribution and the most highly used search terms. We then shift the focus of analysis from the query to the user to gain insight to the characteristics of the Web user. With these characteristics as a basis, we then conducted a failure analysis, identifying trends among user mistakes. We conclude with a summary of findings and a discussion of the implications of these findings.},
author = {Jansen, Bernard J. and Spink, Amanda and Saracevic, Tefko},
doi = {10.1016/S0306-4573(99)00056-4},
issn = {0306-4573},
journal = {Information Processing {\&} Management},
month = {mar},
number = {2},
pages = {207--227},
publisher = {Pergamon},
title = {{Real life, real users, and real needs: a study and analysis of user queries on the web}},
url = {https://www.sciencedirect.com/science/article/abs/pii/S0306457399000564},
volume = {36},
year = {2000}
}
@article{Sanderson2010,
author = {Sanderson, Mark},
doi = {10.1561/1500000009},
file = {:Users/ikuta/Library/Application Support/Mendeley Desktop/Downloaded/Sanderson - 2010 - Test Collection Based Evaluation of Information Retrieval Systems(2).pdf:pdf},
journal = {Foundations and Trends R in Information Retrieval},
number = {4},
pages = {247--375},
title = {{Test Collection Based Evaluation of Information Retrieval Systems}},
url = {http://marksanderson.org/publications/my{\_}papers/FnTIR.pdf},
volume = {4},
year = {2010}
}
@article{Kelly2007,
author = {Kelly, Diane and Diane},
doi = {10.1561/1500000012},
journal = {Foundations and Trends{\textregistered} in Information Retrieval},
number = {1—2},
pages = {1--224},
publisher = {Now Publishers Inc.},
title = {{Methods for Evaluating Interactive Information Retrieval Systems with Users}},
url = {http://www.nowpublishers.com/article/Details/INR-012},
volume = {3},
year = {2007}
}
@article{Li2016,
author = {Li, Hang and Lu, Zhengdong},
file = {:Users/ikuta/Library/Application Support/Mendeley Desktop/Downloaded/Li, Lu - 2016 - Deep Learning for Information Retrieval.pdf:pdf},
title = {{Deep Learning for Information Retrieval}},
url = {http://www.hangli-hl.com/uploads/3/4/4/6/34465961/deep{\_}learning{\_}for{\_}information{\_}retrieval.pdf},
year = {2016}
}
@incollection{Liu2011,
address = {Berlin, Heidelberg},
author = {Liu, Tie-Yan},
booktitle = {Learning to Rank for Information Retrieval},
doi = {10.1007/978-3-642-14267-3_21},
pages = {251--266},
publisher = {Springer Berlin Heidelberg},
title = {{Mathematical Background}},
url = {http://link.springer.com/10.1007/978-3-642-14267-3{\_}21},
year = {2011}
}
@incollection{Liu2011a,
address = {Berlin, Heidelberg},
author = {Liu, Tie-Yan},
booktitle = {Learning to Rank for Information Retrieval},
doi = {10.1007/978-3-642-14267-3_20},
pages = {241--248},
publisher = {Springer Berlin Heidelberg},
title = {{Future Work}},
url = {http://link.springer.com/10.1007/978-3-642-14267-3{\_}20},
year = {2011}
}
@incollection{Liu2011b,
address = {Berlin, Heidelberg},
author = {Liu, Tie-Yan},
booktitle = {Learning to Rank for Information Retrieval},
doi = {10.1007/978-3-642-14267-3_19},
pages = {235--240},
publisher = {Springer Berlin Heidelberg},
title = {{Summary}},
url = {http://link.springer.com/10.1007/978-3-642-14267-3{\_}19},
year = {2011}
}
@incollection{Liu2011c,
address = {Berlin, Heidelberg},
author = {Liu, Tie-Yan},
booktitle = {Learning to Rank for Information Retrieval},
doi = {10.1007/978-3-642-14267-3_22},
pages = {267--282},
publisher = {Springer Berlin Heidelberg},
title = {{Machine Learning}},
url = {http://link.springer.com/10.1007/978-3-642-14267-3{\_}22},
year = {2011}
}
@incollection{Liu2011d,
address = {Berlin, Heidelberg},
author = {Liu, Tie-Yan},
booktitle = {Learning to Rank for Information Retrieval},
doi = {10.1007/978-3-642-14267-3_18},
pages = {223--231},
publisher = {Springer Berlin Heidelberg},
title = {{Statistical Consistency for Ranking}},
url = {http://link.springer.com/10.1007/978-3-642-14267-3{\_}18},
year = {2011}
}
@incollection{Liu2011e,
address = {Berlin, Heidelberg},
author = {Liu, Tie-Yan},
booktitle = {Learning to Rank for Information Retrieval},
doi = {10.1007/978-3-642-14267-3_14},
pages = {181--191},
publisher = {Springer Berlin Heidelberg},
title = {{Applications of Learning to Rank}},
url = {http://link.springer.com/10.1007/978-3-642-14267-3{\_}14},
year = {2011}
}
@incollection{Liu2011f,
address = {Berlin, Heidelberg},
author = {Liu, Tie-Yan},
booktitle = {Learning to Rank for Information Retrieval},
doi = {10.1007/978-3-642-14267-3_15},
pages = {195--200},
publisher = {Springer Berlin Heidelberg},
title = {{Statistical Learning Theory for Ranking}},
url = {http://link.springer.com/10.1007/978-3-642-14267-3{\_}15},
year = {2011}
}
@incollection{Liu2011g,
address = {Berlin, Heidelberg},
author = {Liu, Tie-Yan},
booktitle = {Learning to Rank for Information Retrieval},
doi = {10.1007/978-3-642-14267-3_16},
pages = {201--209},
publisher = {Springer Berlin Heidelberg},
title = {{Statistical Ranking Framework}},
url = {http://link.springer.com/10.1007/978-3-642-14267-3{\_}16},
year = {2011}
}
@incollection{Liu2011h,
address = {Berlin, Heidelberg},
author = {Liu, Tie-Yan},
booktitle = {Learning to Rank for Information Retrieval},
doi = {10.1007/978-3-642-14267-3_13},
pages = {159--179},
publisher = {Springer Berlin Heidelberg},
title = {{Data Preprocessing for Learning to Rank}},
url = {http://link.springer.com/10.1007/978-3-642-14267-3{\_}13},
year = {2011}
}
@incollection{Liu2011i,
address = {Berlin, Heidelberg},
author = {Liu, Tie-Yan},
booktitle = {Learning to Rank for Information Retrieval},
doi = {10.1007/978-3-642-14267-3_17},
pages = {211--222},
publisher = {Springer Berlin Heidelberg},
title = {{Generalization Analysis for Ranking}},
url = {http://link.springer.com/10.1007/978-3-642-14267-3{\_}17},
year = {2011}
}
@incollection{Liu2011j,
address = {Berlin, Heidelberg},
author = {Liu, Tie-Yan},
booktitle = {Learning to Rank for Information Retrieval},
doi = {10.1007/978-3-642-14267-3_12},
pages = {153--155},
publisher = {Springer Berlin Heidelberg},
title = {{Other Datasets}},
url = {http://link.springer.com/10.1007/978-3-642-14267-3{\_}12},
year = {2011}
}
@incollection{Liu2011k,
address = {Berlin, Heidelberg},
author = {Liu, Tie-Yan},
booktitle = {Learning to Rank for Information Retrieval},
doi = {10.1007/978-3-642-14267-3_9},
pages = {127--130},
publisher = {Springer Berlin Heidelberg},
title = {{Transfer Ranking}},
url = {http://link.springer.com/10.1007/978-3-642-14267-3{\_}9},
year = {2011}
}
@incollection{Liu2011l,
address = {Berlin, Heidelberg},
author = {Liu, Tie-Yan},
booktitle = {Learning to Rank for Information Retrieval},
doi = {10.1007/978-3-642-14267-3_8},
pages = {123--126},
publisher = {Springer Berlin Heidelberg},
title = {{Semi-supervised Ranking}},
url = {http://link.springer.com/10.1007/978-3-642-14267-3{\_}8},
year = {2011}
}
@incollection{Liu2011m,
address = {Berlin, Heidelberg},
author = {Liu, Tie-Yan},
booktitle = {Learning to Rank for Information Retrieval},
doi = {10.1007/978-3-642-14267-3_6},
pages = {103--111},
publisher = {Springer Berlin Heidelberg},
title = {{Relational Ranking}},
url = {http://link.springer.com/10.1007/978-3-642-14267-3{\_}6},
year = {2011}
}
@incollection{Liu2011n,
address = {Berlin, Heidelberg},
author = {Liu, Tie-Yan},
booktitle = {Learning to Rank for Information Retrieval},
doi = {10.1007/978-3-642-14267-3_11},
pages = {145--152},
publisher = {Springer Berlin Heidelberg},
title = {{Experimental Results on LETOR}},
url = {http://link.springer.com/10.1007/978-3-642-14267-3{\_}11},
year = {2011}
}
@incollection{Liu2011o,
address = {Berlin, Heidelberg},
author = {Liu, Tie-Yan},
booktitle = {Learning to Rank for Information Retrieval},
doi = {10.1007/978-3-642-14267-3_10},
pages = {133--143},
publisher = {Springer Berlin Heidelberg},
title = {{The LETOR Datasets}},
url = {http://link.springer.com/10.1007/978-3-642-14267-3{\_}10},
year = {2011}
}
@incollection{Liu2011p,
address = {Berlin, Heidelberg},
author = {Liu, Tie-Yan},
booktitle = {Learning to Rank for Information Retrieval},
doi = {10.1007/978-3-642-14267-3_7},
pages = {113--121},
publisher = {Springer Berlin Heidelberg},
title = {{Query-Dependent Ranking}},
url = {http://link.springer.com/10.1007/978-3-642-14267-3{\_}7},
year = {2011}
}
@incollection{Liu2011q,
address = {Berlin, Heidelberg},
author = {Liu, Tie-Yan},
booktitle = {Learning to Rank for Information Retrieval},
doi = {10.1007/978-3-642-14267-3_5},
pages = {89--99},
publisher = {Springer Berlin Heidelberg},
title = {{Analysis of the Approaches}},
url = {http://link.springer.com/10.1007/978-3-642-14267-3{\_}5},
year = {2011}
}
@incollection{Liu2011r,
address = {Berlin, Heidelberg},
author = {Liu, Tie-Yan},
booktitle = {Learning to Rank for Information Retrieval},
doi = {10.1007/978-3-642-14267-3_4},
pages = {71--88},
publisher = {Springer Berlin Heidelberg},
title = {{The Listwise Approach}},
url = {http://link.springer.com/10.1007/978-3-642-14267-3{\_}4},
year = {2011}
}
@incollection{Liu2011s,
address = {Berlin, Heidelberg},
author = {Liu, Tie-Yan},
booktitle = {Learning to Rank for Information Retrieval},
doi = {10.1007/978-3-642-14267-3_3},
pages = {49--70},
publisher = {Springer Berlin Heidelberg},
title = {{The Pairwise Approach}},
url = {http://link.springer.com/10.1007/978-3-642-14267-3{\_}3},
year = {2011}
}
@book{Liu2011t,
address = {Berlin, Heidelberg},
author = {Liu, Tie-Yan},
doi = {10.1007/978-3-642-14267-3},
isbn = {978-3-642-14266-6},
publisher = {Springer Berlin Heidelberg},
title = {{Learning to Rank for Information Retrieval}},
url = {http://link.springer.com/10.1007/978-3-642-14267-3},
year = {2011}
}
@incollection{Liu2011u,
address = {Berlin, Heidelberg},
author = {Liu, Tie-Yan},
booktitle = {Learning to Rank for Information Retrieval},
doi = {10.1007/978-3-642-14267-3_1},
pages = {3--30},
publisher = {Springer Berlin Heidelberg},
title = {{Introduction}},
url = {http://link.springer.com/10.1007/978-3-642-14267-3{\_}1},
year = {2011}
}
@incollection{Liu2011v,
address = {Berlin, Heidelberg},
author = {Liu, Tie-Yan},
booktitle = {Learning to Rank for Information Retrieval},
doi = {10.1007/978-3-642-14267-3_2},
pages = {33--47},
publisher = {Springer Berlin Heidelberg},
title = {{The Pointwise Approach}},
url = {http://link.springer.com/10.1007/978-3-642-14267-3{\_}2},
year = {2011}
}
@article{Culpepper,
abstract = {The purpose of the Strategic Workshop in Information Retrieval in Lorne is to explore the long-range issues of the Information Retrieval field, to recognize challenges that are on – or even over – the horizon, to build consensus on some of the key challenges, and to disseminate the resulting information to the research community. The intent is that this description of open problems will help to inspire researchers and graduate students to address the questions, and will provide funding agencies data to focus and coordinate support for information retrieval research.},
author = {Culpepper, Editors J Shane and Diaz, Fernando and Smucker, Mark D and Allan, James and Arguello, Jaime and Azzopardi, Leif and Bailey, Peter and Baldwin, Tim and Balog, Krisztian and Bast, Hannah and Belkin, Nick and Berberich, Klaus and Billerbeck, Bodo and Callan, Jamie and Capra, Rob and Carman, Mark and Carterette, Ben and Clarke, Charles L A and Collins-Thompson, Kevyn and Craswell, Nick and Croft, W Bruce and Culpepper, J Shane and Dalton, Jeff and Demartini, Gianluca and Diaz, Fernado and Dietz, Laura and Dumais, Susan and Eickhoff, Carsten and Ferro, Nicola and Fuhr, Norbert and Geva, Shlomo and Hauff, Claudia and Hawking, David and Joho, Hideo and Jones, Gareth and Kamps, Jaap and Kando, Noriko and Kelly, Diane and Kim, Jaewon and Kiseleva, Julia and Liu, Yiqun and Lu, Xiaolu and Mizzaro, Stefano and Moffat, Alistair and Nie, Jian-Yun and Olteanu, Alexandra and Ounis, Iadh and Radlinski, Filip and {De Rijke}, Maarten and Sanderson, Mark and Scholer, Falk and Sitbon, Laurianne and Smucker, Mark and Soboroff, Ian and Spina, Damiano and Suel, Torsten and Thom, James and Thomas, Paul and Trotman, Andrew and Voorhees, Ellen and {De Vries}, Arjen P and Yilmaz, Emine and Zuccon, Guido},
file = {:Users/ikuta/Library/Application Support/Mendeley Desktop/Downloaded/Culpepper et al. - Unknown - Research Frontiers in Information Retrieval Report from the Third Strategic Workshop on Information Retr(2).pdf:pdf},
title = {{Research Frontiers in Information Retrieval Report from the Third Strategic Workshop on Information Retrieval in Lorne (SWIRL 2018)}},
url = {https://culpepper.io/publications/swirl3-report.pdf}
}
