@article{40021294461,
author="伊藤, 修毅",
title="「国際セクシュアリティ教育ガイダンス」と障害児・者の性 (特集 「国際セクシュアリティ教育ガイダンス」を活かす)",
journal="Sexuality",
ISSN="",
publisher="エイデル研究所",
year="2017",
month="jul",
volume="",
number="82",
pages="57-63",
URL="https://ci.nii.ac.jp/naid/40021294461/en/",
DOI="",
}